
@misc{_zotero_????,
	title = {Zotero - Quick Start Guide},
	url = {http://www.zotero.org/documentation/quick_start_guide}
},

@article{__????
},

@misc{_guiard.pdf_????,
	title = {guiard.pdf}
},

@misc{_virtualkeyboards.pdf_????,
	title = {virtualkeyboards.pdf},
	keywords = {virtual keyboard}
},

@article{kolsh_keyboards_????,
	title = {Keyboards without Keyboards:
A Survey of Virtual Keyboards},
	author = {Mathias Kolsh and Matthew Turk}
},

@inproceedings{klsch_keyboards_2002,
	title = {Keyboards without keyboards: A survey of virtual keyboards},
	shorttitle = {Keyboards without keyboards},
	booktitle = {Workshop on Sensing and Input for Media-centric Systems, Santa Barbara, {CA}},
	author = {M. Kölsch and M. Turk},
	year = {2002}
},

@article{rabiner_introduction_1986,
	title = {Introduction to hidden Markov models.},
	volume = {3},
	number = {1},
	journal = {{IEEE} {ASSP} {MAG.}},
	author = {L. R Rabiner and B. H Juang},
	year = {1986},
	pages = {4–16}
},

@article{del_r._millan_asynchronous_2003,
	title = {Asynchronous bci and local neural classifiers: an overview of the adaptive brain interface project},
	volume = {11},
	issn = {1534-4320},
	url = {http://ieeexplore.ieee.org/lpdocs/epic03/wrapper.htm?arnumber=1214709},
	doi = {10.1109/TNSRE.2003.814435},
	number = {2},
	journal = {{IEEE} Transactions on Neural Systems and Rehabilitation Engineering},
	author = {J. del R. Millan and J. Mourino},
	year = {2003},
	pages = {159--161}
},

@article{geng_novel_2008,
	title = {A Novel Design of {4-Class} {BCI} Using Two Binary Classifiers and Parallel Mental Tasks},
	volume = {437306},
	journal = {Comput Intell Neurosci},
	author = {T. Geng and J. Q Gan and M. Dyson and C. {S.L} Tsui and F. Sepulveda},
	year = {2008}
},

@misc{_finalpaper1.doc_????,
	title = {{finalPaper1.doc}}
},

@misc{_thesis_google.doc_????,
	title = {thesis\_google.doc}
},

@misc{_outline.doc_????,
	title = {outline.doc}
},

@misc{_20090212_seminarium_bci_paradigms.pdf_????,
	title = {{20090212\_Seminarium\_BCI\_paradigms.pdf}},
	url = {http://hmi.ewi.utwente.nl/bciweb/hmiseminar/sheets/20090212_Seminarium_BCI_paradigms.pdf}
},

@inproceedings{blankertz_advanced,
	title = {Advanced {Human-Computer} Interaction with the Berlin {Brain-Computer} Interface},
	booktitle = {{BRAINPLAY} 07 {Brain-Computer} Interfaces and Games Workshop at {ACE} {(Advances} in Computer Entertainment) 2007},
	author = {B. Blankertz and M. Krauledat and G. Dornhege and J. Williamson and R. {Murray-Smith}},
	pages = {13}
},

@misc{_aaaond09_lecture07.pdf_????,
	title = {aaaond09\_lecture07.pdf},
	url = {http://ml.cs.tu-berlin.de/~blanker/SS09_AnalysisOfNeuronalData/aaaond09_lecture07.pdf}
},

@article{bentley_mind_2007,
	title = {The Mind Reading Wizards},
	author = {P. Bentley},
	year = {2007}
},

@misc{_download.pdf_????,
	title = {download.pdf},
	url = {http://citeseerx.ist.psu.edu/viewdoc/download?doi=10.1.1.122.7052&rep=rep1&type=pdf}
},

@misc{_singletrialclass_09.pdf_????,
	title = {{singleTrialClass\_09.pdf}}
},

@misc{_medicine_????,
	title = {Medicine Meets Virtual Reality 17 ... - Google Books},
	url = {http://books.google.com/books?hl=en&lr=&id=9HbAhWChR58C&oi=fnd&pg=PA265&dq=bci+5+state+classifier+2009&ots=RBKmsUHnTB&sig=7dYDciStiDo2MLpKQVhP6TGtFos},
	howpublished = {{http://books.google.com/books?hl=en\&lr=\&id=9HbAhWChR58C\&oi=fnd\&pg=PA265\&dq=bci+5+state+classifier+2009\&ots=RBKmsUHnTB\&sig=7dYDciStiDo2MLpKQVhP6TGtFos}},
	annote = {{\textless}p{\textgreater}eval of hmm for p300 detection{\textless}/p{\textgreater}}
},

@misc{_recentlyacceptedarticlepdf.bin_????,
	title = {{RecentlyAcceptedArticlePDF.bin}},
	url = {http://hindawi.com/RecentlyAcceptedArticlePDF.aspx?journal=cin&number=864564},
	howpublished = {{http://hindawi.com/RecentlyAcceptedArticlePDF.aspx?journal=cin\&number=864564}},
	annote = {{\textless}p{\textgreater}4-class ssevp{\textless}/p{\textgreater}
{\textless}p{\textgreater}1to 7\% error rate{\textless}/p{\textgreater}}
},

@misc{__????-1
},

@misc{_de_????,
	title = {de Gruyter Reference Global - Biomedizinische {Technik/Biomedical} Engineering},
	url = {http://www.reference-global.com/doi/abs/10.1515/BMT.2009.014},
	howpublished = {{http://www.reference-global.com/doi/abs/10.1515/BMT.2009.014}}
},

@inproceedings{cutrell_bci_2007,
	title = {{BCI} for passive input in {HCI}},
	booktitle = {Proc. {ACM} {CHI} 2008 Conference on Human Factors in Computing Systems Workshop on {Brain-Computer} Interfaces for {HCI} and Games},
	author = {E. Cutrell and D. S. Tan},
	year = {2007}
},

@misc{__????-2
},

@inproceedings{tan_usinglow-cost_2006,
	title = {Using a {Low-Cost} Electroencephalograph for Task Classification in {HCI} Research},
	booktitle = {{UIST} 2006 Proceedings of the 19th Annual {ACM} Symposium on User Interface Software and Technology, October 15-18, 2006, Montreux, Switzerland},
	author = {D. S Tan},
	year = {2006},
	pages = {81}
},

@article{blankertz_non-invasive_2007,
	title = {The non-invasive Berlin brain–computer interface: fast acquisition of effective performance in untrained subjects},
	volume = {37},
	shorttitle = {The non-invasive Berlin brain–computer interface},
	number = {2},
	journal = {{NeuroImage}},
	author = {B. Blankertz and G. Dornhege and M. Krauledat and K. R M{\textbackslash}üller and G. Curio},
	year = {2007},
	pages = {539–550}
},

@misc{_google_????,
	title = {Google Trends: Nov 27, 2009},
	url = {http://www.google.com/trends/hottrends},
	howpublished = {http://www.google.com/trends/hottrends}
},

@misc{_de_????-1,
	title = {de Gruyter Reference Global - Biomedizinische {Technik/Biomedical} Engineering},
	url = {http://www.reference-global.com/doi/abs/10.1515/bmte.1999.44.1-2.12},
	howpublished = {http://www.reference-global.com/doi/abs/10.1515/bmte.1999.44.1-2.12}
},

@article{guger_design_1999,
	title = {Design of an {EEG-based} {Brain-Computer} Interface {(BCI)} from Standard Components running in Real-time under {Windows-Entwurf} eines {EEG-basierten} {Brain-Computer} Interfaces {(BCI)} mit Standardkomponenten, das unter Windows in Echtzeit arbeitet},
	volume = {44},
	number = {1-2},
	journal = {Biomedizinische {Technik/Biomedical} Engineering},
	author = {C. Guger and A. Schlogl and D. Walterspacher and G. Pfurtscheller},
	year = {1999},
	pages = {12–16}
},

@article{rakotomamonjy_bci_2008,
	title = {{BCI} competition {III:} Dataset {II-ensemble} of {SVMs} for {BCI} P300 speller},
	volume = {55},
	shorttitle = {{BCI} competition {III}},
	number = {3},
	journal = {{IEEE} Transactions on Biomedical Engineering},
	author = {A. Rakotomamonjy and V. Guigue},
	year = {2008},
	pages = {1147–1154}
},

@article{rabiner_tutorialhidden_1990,
	title = {A tutorial on hidden Markov models and selected applications in speech recognition},
	volume = {53},
	number = {3},
	journal = {Readings in speech recognition},
	author = {L. R Rabiner},
	year = {1990},
	pages = {267–296}
},

@misc{_brainplay07.pdf_????,
	title = {brainplay07.pdf}
},

@inproceedings{blankertz_advanced_????-1,
	title = {Advanced {Human-Computer} Interaction with the Berlin {Brain-Computer} Interface},
	booktitle = {{BRAINPLAY} 07 {Brain-Computer} Interfaces and Games Workshop at {ACE} {(Advances} in Computer Entertainment) 2007},
	author = {B. Blankertz and M. Krauledat and G. Dornhege and J. Williamson and R. {Murray-Smith}},
	pages = {13}
},

@misc{_ngrams.pdf_????,
	title = {ngrams.pdf}
},

@book{cormen_introduction_2001,
	edition = {2nd},
	title = {Introduction to Algorithms, Second Edition},
	isbn = {0262032937},
	publisher = {The {MIT} Press},
	author = {Thomas H. Cormen and Charles E. Leiserson and Ronald L. Rivest and Clifford Stein},
	month = sep,
	year = {2001}
},

@misc{_huffman_????,
	title = {Huffman coding - Wikipedia, the free encyclopedia},
	url = {http://en.wikipedia.org/wiki/Huffman_coding},
	howpublished = {{http://en.wikipedia.org/wiki/Huffman\_coding}}
},

@misc{_google_????-1,
	title = {Google Trends: Nov 13, 2009},
	url = {http://www.google.com/trends/hottrends?sa=X&date=2009-11-13},
	howpublished = {{http://www.google.com/trends/hottrends?sa=X\&date=2009-11-13}}
},

@article{roark_open_????,
	title = {Open vocabulary language modeling for binary response typing interfaces},
	author = {B. Roark}
},

@inproceedings{omar_policies_2008,
	title = {Policies for neural prosthetic control: Initial experiments with a text interface},
	shorttitle = {Policies for neural prosthetic control},
	booktitle = {American Control Conference, 2008},
	author = {C. Omar and M. Johnson and T. Bretl and T. Coleman},
	year = {2008},
	pages = {4161–4166}
},

@misc{_particletutorial.pdf_????,
	title = {particletutorial.pdf},
	url = {http://www.cse.buffalo.edu/~peter/refs/DataAssimilation/GenRefsTutorials/particletutorial.pdf}
},

@misc{_portable_????,
	title = {Portable Document Format {(PDF)}},
	url = {http://ojs.pythonpapers.org/index.php/tpp/article/viewPDFInterstitial/78/79},
	howpublished = {{http://ojs.pythonpapers.org/index.php/tpp/article/viewPDFInterstitial/78/79}}
},

@misc{_url.pdf_????,
	title = {url.pdf},
	url = {http://www.google.com/url?sa=t&source=web&ct=res&cd=8&ved=0CBwQFjAH&url=http%3A%2F%2Fwww.cs.sfu.ca%2F~mori%2Fcourses%2Fcmpt882%2Ffall05%2Fslides%2Fparticle_filtering.pdf&ei=6qUYS4urN4X8sgPpk7T3Bw&usg=AFQjCNFbgoBDBK5ovXqzuZ2WmU7yEigwfg&sig2=j8bwsWtKVtHlgqbelUUSXA}
},

@article{blankertz_berlin_????,
	title = {The Berlin {Brain-Computer} Interface: {EEG-based} communication without subject training},
	volume = {3},
	shorttitle = {The Berlin {Brain-Computer} Interface},
	journal = {hand},
	author = {B. Blankertz and G. Dornhege and M. Krauledat and K. R M{\textbackslash}üller and V. Kunzmann and F. Losch and G. Curio},
	pages = {C4}
},

@article{blankertz_berlin_????-1,
	title = {The Berlin {Brain-Computer} Interface: {EEG-based} communication without subject training},
	volume = {3},
	shorttitle = {The Berlin {Brain-Computer} Interface},
	journal = {hand},
	author = {B. Blankertz and G. Dornhege and M. Krauledat and K. R M{\textbackslash}üller and V. Kunzmann and F. Losch and G. Curio},
	pages = {C4}
},

@misc{_bbci_06.pdf_????,
	title = {bbci\_06.pdf}
},

@misc{_blankertz.pdf_????,
	title = {blankertz.pdf}
},

@article{blankertz_non-invasive_2007-1,
	title = {The non-invasive Berlin brain–computer interface: fast acquisition of effective performance in untrained subjects},
	volume = {37},
	shorttitle = {The non-invasive Berlin brain–computer interface},
	number = {2},
	journal = {{NeuroImage}},
	author = {B. Blankertz and G. Dornhege and M. Krauledat and K. R M{\textbackslash}üller and G. Curio},
	year = {2007},
	pages = {539–550}
},

@misc{_download.pdf_????-1,
	title = {download.pdf},
	url = {http://citeseerx.ist.psu.edu/viewdoc/download?doi=10.1.1.20.5732&rep=rep1&type=pdf}
},

@inproceedings{blankertz_berlin_2006,
	title = {The berlin brain-computer interface presents the novel mental typewriter hex-o-spell},
	booktitle = {Proceedings of the 3rd International {Brain-Computer} Interface Workshop and Training Course},
	author = {B. Blankertz and G. Dornhege and M. Krauledat and M. Schr{\textbackslash}öder and J. Williamson and R. {Murray-Smith} and K. R M{\textbackslash}üller},
	year = {2006},
	pages = {108–109}
},

@misc{_download.pdf_????-2,
	title = {download.pdf},
	url = {http://citeseerx.ist.psu.edu/viewdoc/download?doi=10.1.1.20.5732&rep=rep1&type=pdf}
},

@inproceedings{blankertz_advanced_????-2,
	title = {Advanced {Human-Computer} Interaction with the Berlin {Brain-Computer} Interface},
	booktitle = {{BRAINPLAY} 07 {Brain-Computer} Interfaces and Games Workshop at {ACE} {(Advances} in Computer Entertainment) 2007},
	author = {B. Blankertz and M. Krauledat and G. Dornhege and J. Williamson and R. {Murray-Smith}},
	pages = {13}
},

@article{rawlinson_bigram_1976,
	title = {Bigram frequency counts and anagram lists},
	volume = {28},
	issn = {1747-0218},
	url = {http://www.informaworld.com/openurl?genre=article&doi=10.1080/14640747608400546&magic=crossref||D404A21C5BB053405B1A640AFFD44AE3},
	doi = {10.1080/14640747608400546},
	number = {1},
	journal = {The Quarterly Journal of Experimental Psychology},
	author = {G. E. Rawlinson},
	year = {1976},
	pages = {125--142}
},

@article{ghahramani_factorial_1997,
	title = {Factorial hidden Markov models},
	volume = {29},
	number = {2},
	journal = {Machine learning},
	author = {Z. Ghahramani and M. I Jordan},
	year = {1997},
	pages = {245–273}
},

@inproceedings{zweig_speech_1998,
	title = {Speech recognition with dynamic Bayesian networks},
	booktitle = {{PROCEEDINGS} {OF} {THE} {NATIONAL} {CONFERENCE} {ON} {ARTIFICIAL} {INTELLIGENCE}},
	author = {G. Zweig and S. Russell},
	year = {1998},
	pages = {173–180}
},

@article{wills_dasher-efficient_2006,
	title = {{DASHER-an} efficient writing system for brain-computer interfaces?},
	volume = {14},
	number = {2},
	journal = {{IEEE} Transactions on Neural Systems and Rehabilitation Engineering},
	author = {S. A Wills and D. {J.C} {MacKay}},
	year = {2006},
	pages = {244}
},

@article{williamson_designing_2009,
	title = {Designing for uncertain, asymmetric control: Interaction design for brain–computer interfaces},
	volume = {67},
	shorttitle = {Designing for uncertain, asymmetric control},
	number = {10},
	journal = {International Journal of {Human-Computer} Studies},
	author = {J. Williamson and R. {Murray-Smith} and B. Blankertz and M. Krauledat and K. R M{\textbackslash}üller},
	year = {2009},
	pages = {827–841}
},

@article{mller_machine_2007,
	title = {Machine learning for real-time single-trial {EEG-analysis:} from brain–computer interfacing to mental state monitoring},
	volume = {167},
	shorttitle = {Machine learning for real-time single-trial {EEG-analysis}},
	number = {1},
	journal = {Journal of neuroscience methods},
	author = {K. R M{\textbackslash}üller and M. Tangermann and G. Dornhege and M. Krauledat and G. Curio and B. Blankertz},
	year = {2007},
	pages = {82–90}
},

@article{blankertz_non-invasive_2007-2,
	title = {The non-invasive Berlin brain–computer interface: fast acquisition of effective performance in untrained subjects},
	volume = {37},
	shorttitle = {The non-invasive Berlin brain–computer interface},
	number = {2},
	journal = {{NeuroImage}},
	author = {B. Blankertz and G. Dornhege and M. Krauledat and K. R M{\textbackslash}üller and G. Curio},
	year = {2007},
	pages = {539–550}
},

@conference{felton2007neural,
  title={{Neural signal based control of the Dasher writing system}},
  author={Felton, EA and Lewis, NL and Wills, SA and Radwin, RG and Williams, JC},
  booktitle={Neural Engineering, 2007. CNE'07. 3rd International IEEE/EMBS Conference on},
  pages={366--370},
  year={2007}
},

@article{hinterberger_eeg-driven_2004,
	title = {An {EEG-Driven} {Brain-Computer} Interface Combined With Functional Magnetic Resonance Imaging {(fMRI)}},
	volume = {51},
	issn = {0018-9294},
	url = {http://ieeexplore.ieee.org/lpdocs/epic03/wrapper.htm?arnumber=1300790},
	doi = {10.1109/TBME.2004.827069},
	number = {6},
	journal = {{IEEE} Transactions on Biomedical Engineering},
	author = {T. Hinterberger and N. Weiskopf and R. Veit and B. Wilhelm and E. Betta and N. Birbaumer},
	year = {2004},
	pages = {971--974}
},

@article{wolpaw_braincomputer_2002,
	title = {Brain–computer interfaces for communication and control},
	volume = {113},
	number = {6},
	journal = {Clinical neurophysiology},
	author = {J. R Wolpaw and N. Birbaumer and D. J {McFarland} and G. Pfurtscheller and T. M Vaughan},
	year = {2002},
	pages = {767–791}
},

@article{donchin_mental_2000,
	title = {The mental prosthesis: Assessing the speed of a P300-based brain-computer interface},
	volume = {8},
	shorttitle = {The mental prosthesis},
	number = {2},
	journal = {{IEEE} Transactions on Rehabilitation Engineering},
	author = {E. Donchin and K. M Spencer and R. Wijesinghe and others},
	year = {2000},
	pages = {174–179}
},

@article{rakotomamonjy_ensemble_2005,
	title = {Ensemble of {SVMs} for improving brain computer interface P300 speller performances},
	volume = {3696},
	journal = {Lecture notes in computer science},
	author = {A. Rakotomamonjy and V. Guigue and G. Mallet and V. Alvarado},
	year = {2005},
	pages = {45}
},

@article{krusienski_toward_2008,
	title = {Toward enhanced P300 speller performance},
	volume = {167},
	number = {1},
	journal = {Journal of neuroscience methods},
	author = {D. J. Krusienski and E. W. Sellers and D. J. {McFarland} and T. M. Vaughan and J. R. Wolpaw},
	year = {2008},
	pages = {15–21}
},

@article{rakotomamonjy_ensemble_2005-1,
	title = {Ensemble of {SVMs} for improving brain computer interface P300 speller performances},
	volume = {3696},
	journal = {Lecture notes in computer science},
	author = {A. Rakotomamonjy and V. Guigue and G. Mallet and V. Alvarado},
	year = {2005},
	pages = {45}
},

@article{sellers_braincomputer_2004,
	title = {Brain–computer interface research at the University of South Florida Cognitive Psychophysiology Laboratory: the P300 speller},
	volume = {51},
	shorttitle = {Brain–computer interface research at the University of South Florida Cognitive Psychophysiology Laboratory},
	number = {4},
	journal = {Biomed. Eng},
	author = {E. W Sellers and A. K{\textbackslash}übler and E. Donchin},
	year = {2004},
	pages = {647–656}
},

@article{krusienski2006comparison,
  title={{A comparison of classification techniques for the P300 speller}},
  author={Krusienski, D.J. and Sellers, E.W. and Cabestaing, F. and Bayoudh, S. and McFarland, D.J. and Vaughan, T.M. and Wolpaw, J.R.},
  journal={Journal of neural engineering},
  volume={3},
  pages={299--305},
  year={2006},
  publisher={Institute of Physics Publishing}
},

@article{meinicke_improving_2003,
	title = {Improving transfer rates in brain computer interfacing: a case study},
	shorttitle = {Improving transfer rates in brain computer interfacing},
	journal = {Advances in Neural Information Processing Systems},
	author = {P. Meinicke and M. Kaper and F. Hoppe and M. Heumann and H. Ritter},
	year = {2003},
	pages = {1131–1138}
},

@inproceedings{allison_i_2009,
	title = {The I of {BCIs:} Next Generation Interfaces for {Brain—Computer} Interface Systems That Adapt to Individual Users},
	shorttitle = {The I of {BCIs}},
	booktitle = {Proceedings of the 13th International Conference on {Human-Computer} Interaction. Part {II:} Novel Interaction Methods and Techniques},
	author = {B. Allison},
	year = {2009},
	pages = {568}
},

@misc{__????-3
},

@article{schalk_bci2000:general-purpose_2004,
	title = {{BCI2000:} A {General-Purpose} {Brain-Computer} Interface {(BCI)} System},
	volume = {51},
	issn = {0018-9294},
	url = {http://ieeexplore.ieee.org/lpdocs/epic03/wrapper.htm?arnumber=1300799},
	doi = {10.1109/TBME.2004.827072},
	number = {6},
	journal = {{IEEE} Transactions on Biomedical Engineering},
	author = {G. Schalk and {D.J.} {McFarland} and T. Hinterberger and N. Birbaumer and {J.R.} Wolpaw},
	year = {2004},
	pages = {1034--1043}
},

@article{yamawaki_improvement_2005,
	title = {An improvement of a time-frequency approach for an {EEG-based} brain-computer interface},
	volume = {7},
	number = {1},
	journal = {Int. J. of Bioelectromagnetism},
	author = {N. Yamawaki and C. Wilke and Z. M. Liu and B. He},
	year = {2005},
	pages = {289–291}
},

@article{wilson_usingeeg-based_2009,
	title = {Using an {EEG-Based} {Brain-Computer} Interface for Virtual Cursor Movement with {BCI2000}},
	issn = {{1940-087X}},
	url = {http://www.jove.com/index/Details.stp?ID=1319},
	doi = {10.3791/1319},
	number = {29},
	journal = {Journal of Visualized Experiments},
	author = {J. Adam Wilson and Gerwin Schalk and L\&eacute;o M. Walton and Justin C. Williams},
	year = {2009}
},

@inproceedings{venkatasubramanian_non_2009,
	title = {Non Invasive Brain Computer Interface for Movement Control},
	volume = {1},
	booktitle = {Proceedings of the World Congress on Engineering and Computer Science},
	author = {V. Venkatasubramanian and R. K Balaji},
	year = {2009}
},

@article{mcfarland_brain-computer_2005,
	title = {Brain-computer interface {(BCI)} operation: signal and noise during early training sessions},
	volume = {116},
	shorttitle = {Brain-computer interface {(BCI)} operation},
	number = {1},
	journal = {Clinical Neurophysiology},
	author = {D. J {McFarland} and W. A Sarnacki and T. M Vaughan and J. R Wolpaw},
	year = {2005},
	pages = {56–62}
},

@misc{_bci2000genpurp.pdf_????,
	title = {{bci2000GenPurp.pdf}}
},

@article{sellers_p300-based_2006,
	title = {A P300-based brain–computer interface: initial tests by {ALS} patients},
	volume = {117},
	shorttitle = {A P300-based brain–computer interface},
	number = {3},
	journal = {Clinical Neurophysiology},
	author = {E. W Sellers and E. Donchin},
	year = {2006},
	pages = {538–548}
},

@misc{_ousevskeyboard.pdf_????,
	title = {ousevskeyboard.pdf}
},

@article{karat_comparison_1986,
	title = {A comparison of menu selection techniques: touch panel, mouse and keyboard},
	volume = {25},
	shorttitle = {A comparison of menu selection techniques},
	number = {1},
	journal = {International Journal of {Man-Machine} Studies},
	author = {J. Karat and J. E {McDonald} and M. Anderson},
	year = {1986},
	pages = {73–88}
},

@article{lotte_review_2007,
	title = {A review of classification algorithms for {eeg}-based brain-computer interfaces},
	volume = {4},
	number = {2},
	journal = {Journal of Neural Engineering},
	author = {F. Lotte and M. Congedo and A. Lecuyer and F. Lamarche and B. Arnaldi},
	year = {2007},
	pages = {1–13}
},

@article{wolpaw_braincomputer_2002-1,
	title = {Brain–computer interfaces for communication and control},
	volume = {113},
	number = {6},
	journal = {Clinical neurophysiology},
	author = {J. R Wolpaw and N. Birbaumer and D. J {McFarland} and G. Pfurtscheller and T. M Vaughan},
	year = {2002},
	pages = {767–791}
},

@inproceedings{cincotti_interacting_2009,
	title = {Interacting with the Environment through Non-invasive {Brain-Computer} Interfaces},
	booktitle = {Proceedings of the 5th International on {ConferenceUniversal} Access in {Human-Computer} Interaction. Part {II:} Intelligent and Ubiquitous Interaction Environments},
	author = {F. Cincotti and L. R Quitadamo and F. Aloise and L. Bianchi and F. Babiloni and D. Mattia},
	year = {2009},
	pages = {492}
},

@misc{_kauhanen_et_al_2006b.pdf_????,
	title = {kauhanen\_et\_al\_2006b.pdf}
},

@misc{_next_little,
	title = {Next Little Thing 2010-Psychic video games(4)-Small Business},
	url = {{http://money.cnn.com/galleries/2009/smallbusiness/0911/gallery.next_little_thing_2010.smb/4.html}}
},

@misc{_url.pdf_????-1,
	title = {url.pdf},
	url = {http://www.google.com/url?sa=t&source=web&ct=res&cd=2&ved=0CBMQFjAB&url=http%3A%2F%2Fwww.tristantech.com%2Fpdf%2FbabySQUID_v1.1.pdf&ei=AFsoS9KKCpDYtgOsnrW4DA&usg=AFQjCNG2rut267_0QOhp5_nJDzFHTHFHCQ&sig2=wFUZVH33BeFQpmLY3nnfhQ}
},

@misc{_ngrams.pdf_????-1,
	title = {ngrams.pdf}
},

@article{jones_case-sensitive_2004,
	title = {Case-sensitive letter and bigram frequency counts from large-scale English corpora},
	volume = {36},
	number = {3},
	journal = {Behavior Research Methods, Instruments, \& Computers},
	author = {M. N Jones and D. J. K. Mewhort},
	year = {2004},
	pages = {388–396}
},

@article{mackay_dasherefficient_2003,
	title = {Dasher–an efficient keyboard alternative},
	volume = {3},
	number = {2},
	journal = {Advances in clinical neuroscience \& rehabilitation},
	author = {D. {MacKay}},
	year = {2003},
	pages = {24}
},

@misc{_n-gram_????,
	title = {n-gram - Wikipedia, the free encyclopedia},
	url = {http://en.wikipedia.org/wiki/N-gram},
	howpublished = {{http://en.wikipedia.org/wiki/N-gram}}
},

@inproceedings{curran_very_2002,
	title = {A very very large corpus doesn't always yield reliable estimates},
	booktitle = {International Conference On Computational Linguistics},
	author = {J. R Curran and M. Osborne},
	year = {2002},
	pages = {1–6}
},

@article{rawlinson_bigram_1976-1,
	title = {Bigram frequency counts and anagram lists},
	volume = {28},
	issn = {1747-0218},
	url = {http://www.informaworld.com/openurl?genre=article&doi=10.1080/14640747608400546&magic=crossref||D404A21C5BB053405B1A640AFFD44AE3},
	doi = {10.1080/14640747608400546},
	number = {1},
	journal = {The Quarterly Journal of Experimental Psychology},
	author = {G. E. Rawlinson},
	year = {1976},
	pages = {125--142}
},

@book{russell_artificial_2002,
	edition = {2},
	title = {Artificial Intelligence: A Modern Approach},
	isbn = {0137903952},
	shorttitle = {Artificial Intelligence},
	publisher = {Prentice Hall},
	author = {Stuart Russell and Peter Norvig},
	month = dec,
	year = {2002}
},

@article{brown_class-based_1992,
	title = {Class-based n-gram models of natural language},
	volume = {18},
	number = {4},
	journal = {Computational linguistics},
	author = {P. F Brown and V. {J.D} Pietra and P. V {deSouza} and J. C Lai and R. L Mercer},
	year = {1992},
	pages = {467–479}
},

@article{saul_mixed_1999,
	title = {Mixed memory markov models: Decomposing complex stochastic processes as mixtures of simpler ones},
	volume = {37},
	number = {1},
	journal = {Machine learning},
	author = {L. K Saul and M. I Jordan},
	year = {1999},
	pages = {75–87}
},

@article{makhoul_state_1995,
	title = {State of the art in continuous speech recognition},
	volume = {92},
	number = {22},
	journal = {Proceedings of the National Academy of Sciences},
	author = {J. Makhoul and R. Schwartz},
	year = {1995},
	pages = {9956}
},

@misc{_introduction_????,
	title = {Introduction to Eeg and Evoked Potentials},
	url = {http://www.ionchannels.org/showbook.php?asin=0397505981},
	howpublished = {http://www.ionchannels.org/showbook.php?asin=0397505981}
},

@book{nunez_electric_2005,
	edition = {Second},
	title = {Electric Fields of the Brain: The Neurophysics of {EEG}},
	publisher = {Oxford University Press, {USA}},
	author = {Paul L. Nunez and Ramesh Srinivasan},
	month = dec,
	year = {2005}
},

@article{hona_design_????,
	title = {Design Adaptable {BCI} Based on Evoked Potentials},
	author = {M. Hošna}
},

@article{buttfield_towardsrobust_2006,
	title = {Towards a robust {BCI:} error potentials and online learning},
	volume = {14},
	shorttitle = {Towards a robust {BCI}},
	number = {2},
	journal = {{IEEE} Transactions on Neural Systems and Rehabilitation Engineering},
	author = {A. Buttfield and P. W Ferrez and J. del {RMillan}},
	year = {2006},
	pages = {164}
},

@misc{_sdarticle-6.pdf_????,
	title = {sdarticle-6.pdf}
},

@article{mcfarland_brain-computer_2005-1,
	title = {Brain-computer interface {(BCI)} operation: signal and noise during early training sessions},
	volume = {116},
	number = {1},
	journal = {Clinical Neurophysiology},
	author = {D. J {McFarland} and W. A Sarnacki and T. M Vaughan and J. R Wolpaw},
	year = {2005},
	pages = {56–62}
},

@book{darragh_reactive_1992,
	edition = {{1St} Edition},
	title = {The Reactive Keyboard},
	isbn = {0521403758},
	publisher = {Cambridge University Press},
	author = {John J. Darragh and Ian H. Witten},
	month = may,
	year = {1992}
},
﻿
﻿@article{millan2004,
	title = {Noninvasive {Brain-Actuated} Control of a Mobile Robot by Human {EEG}},
	volume = {51},
	url = {http://ieeexplore.ieee.org/lpdocs/epic03/wrapper.htm?arnumber=1300798},
	number = {6},
	journal = {{IEEE} Transactions on Biomedical Engineering},
	author = {J. del R. Millan and F. Renkens and J. Mourino and W. Gerstner},
	year = {2004},
	pages = {1026--1033}
},

@article{molina_direct,
	title = {Direct {Brain-Computer} Communication through scalp recorded {EEG} signals},
	journal = {{{\textbackslash}ECOLE} {POLYTECHNIQUE} {FD} {RALE} {DE} {LAUSANNE}},
	author = {G. Molina},
	year = {2004}
},

@book{tatum2007handbook,
	title={Handbook of {EEG} Interpretation},
	author={Tatum, W.O. and Husain, A.M. and Benbadis, S.R. and Kaplan, P.W.},
	publisher={Demos Medical Publishing, {LLC}},
	year={2007}
},

@misc{_next_????,
	title = {Next Little Thing 2010-Psychic video games(4)-Small Business},
	url = {http://money.cnn.com/galleries/2009/smallbusiness/0911/{gallery.next_little_thing_2010.smb/4.html}},
	howpublished = {http://money.cnn.com/galleries/2009/smallbusiness/0911/gallery.next\_little\_thing\_2010.smb/4.html}
},

@conference{kolsch2002keyboards,
  title={{Keyboards without keyboards: A survey of virtual keyboards}},
  author={Kolsch, M. and Turk, M.},
  booktitle={Workshop on Sensing and Input for Media-centric Systems, Santa Barbara, CA},
  year={2002},
  organization={Citeseer}
},

@article{reviewer-lee_review_2000,
	title = {Review of Foundations of statistical natural language processing by Christopher D. Manning and Hinrich Sch{\textbackslash}ütze. The {MIT} Press 1999.},
	volume = {26},
	number = {2},
	journal = {Computational Linguistics},
	author = {L. {Reviewer-Lee}},
	year = {2000},
	pages = {277–279}
},

@misc{_url.ppt_????,
	title = {url.ppt},
	url = {http://www.google.com/url?sa=t&source=web&ct=res&cd=1&ved=0CAsQFjAA&url=http%3A%2F%2Fhumanities.uchicago.edu%2Ffaculty%2Fgoldsmith%2FIndustrial%2FNgrams.ppt&ei=wPkuS879NYP8tAO-04TEBA&usg=AFQjCNFUDL7Pmxw-P1vN0D5LhqNY9ke9_g&sig2=nUSpunUl6na-tq4vpNhOzw},
	howpublished = {{http://www.google.com/url?sa=t\&source=web\&ct=res\&cd=1\&ved=0CAsQFjAA\&url=http\%3A\%2F\%2Fhumanities.uchicago.edu\%2Ffaculty\%2Fgoldsmith\%2FIndustrial\%2FNgrams.ppt\&ei=wPkuS879NYP8tAO-04TEBA\&usg=AFQjCNFUDL7Pmxw-P1vN0D5LhqNY9ke9\_g\&sig2=nUSpunUl6na-tq4vpNhOzw}}
},

@article{mcfarland2003brain,
  title={{Brain--computer interface (BCI) operation: optimizing information transfer rates}},
  author={McFarland, D.J. and Sarnacki, W.A. and Wolpaw, J.R.},
  journal={Biological psychology},
  volume={63},
  number={3},
  pages={237--251},
  year={2003},
  publisher={Elsevier}
},

@book{pierce_introduction_1980,
	edition = {2nd Revised ed.},
	title = {An Introduction to Information Theory},
	isbn = {0486240614},
	publisher = {Dover Publications},
	author = {John R. Pierce},
	month = nov,
	year = {1980}
}
