
@article{weikum_foundations_2002,
	title = {Foundations of statistical natural language processing},
	volume = {31},
	number = {3},
	journal = {{ACM} {SIGMOD} Record},
	author = {G. Weikum},
	year = {2002},
	pages = {37–38}
}