@conference{philips2007adaptive,
  title={{Adaptive shared control of a brain-actuated simulated wheelchair}},
  author={Philips, J. and Millan, J.R. and Vanacker, G. and Lew, E. and Galan, F. and Ferrez, P.W. and Van Brussel, H. and Nuttin, M.},
  booktitle={Proceedings of the 2007 IEEE 10th International Conference on Rehabilitation Robotics},
  pages={408--414},
  year={2007}
},

@inproceedings{cheen_maps_2007,
	title = {Maps managing interface design for a mobile robot navigation governed by a {BCI}},
	volume = {90},
	booktitle = {Journal of Physics: Conference Series},
	author = {F. {A.A} Chee{\textbackslash}'ın and R. Carelli and W. C Celeste and T. F Bastos and F. di Sciascio},
	year = {2007},
	pages = {012088}
},

﻿@article{leeb_self-pacedasynchronous_2007,
	title = {{Self-Paced(Asynchronous)} {BCI} Control of a Wheelchair in Virtual Environments: A Case Study with a Tetraplegic},
	volume = {2007},
	journal = {Computational Intelligence and Neuroscience},
	author = {R. Leeb and D. Friedman and G. R {Muller-Putz} and R. Scherer and M. Slater and G. Pfurtscheller},
	year = {2007},
	pages = {79642}
},

@article{tanaka_electroencephalogram-based_2005,
	title = {{Electroencephalogram-based} control of an electric wheelchair},
	volume = {21},
	issn = {1552-3098},
	url = {\url{http://ieeexplore.ieee.org/lpdocs/epic03/wrapper.htm?arnumber=1492493}},
	number = {4},
	journal = {{IEEE} Transactions on Robotics},
	author = {K. Tanaka and K. Matsunaga and {H.O.} Wang},
	year = {2005},
	pages = {762--766}
},

@inproceedings{millan_non-invasive_2003,
	title = {{Non-invasive} {brain-actuated} control of a mobile robot},
	booktitle = {Proceedings of the {18th} international joint conference on Artificial intelligence},
	author = {J. R Millan and F. Renkens and J. Mourino and W. Gerstner},
	year = {2003}
},

﻿
@article{vanacker_context-based_2007,
	title = {{Context-based} filtering for assisted {brain-actuated} wheelchair driving},
	volume = {2007},
	journal = {Computational Intelligence and Neuroscience},
	author = {G. Vanacker and J. R Millan and E. Lew and P. W Ferrez and F. G Moles and J. Philips and H. Van Brussel and M. Nuttin},
	year = {2007},
	pages = {25130}
}
