
@article{dissanayake_solution_2001,
	title = {A solution to the simultaneous localization and map building {(SLAM)} problem},
	volume = {17},
	number = {3},
	journal = {{IEEE} Transactions on Robotics and Automation},
	author = {M. Dissanayake and P. Newman and S. Clark and H. F {Durrant-Whyte} and M. Csorba},
	year = {2001},
	pages = {229–241}
}