
@inproceedings{cincotti_interacting_2009,
	title = {Interacting with the Environment through Non-invasive {Brain-Computer} Interfaces},
	booktitle = {Proceedings of the 5th International on {ConferenceUniversal} Access in {Human-Computer} Interaction. Part {II:} Intelligent and Ubiquitous Interaction Environments},
	author = {F. Cincotti and L. R Quitadamo and F. Aloise and L. Bianchi and F. Babiloni and D. Mattia},
	year = {2009},
	pages = {492}
}